@article{schulte2011active,
  author       = {Schulte, Eric and Davison, Dan},
  title        = {Active Documents with {O}rg-mode},
  journal      = {Computing in Science \& Engineering},
  year         = 2011,
  volume       = 13,
  number       = 3,
  pages        = {66--73},
  publisher    = {Institute of Electrical and Electronics Engineers,
                  Inc.,| y USA USA}
}
