@article{hinsen2011data,
  author       = {Hinsen, Konrad},
  title        = {A Data and Code Model for Reproducible Research and
                  Executable Papers},
  journal      = {Procedia Computer Science},
  year         = 2011,
  volume       = 4,
  pages        = {579--588},
  publisher    = {Elsevier}
}
