@book{dominik2010org,
  author       = {Dominik, Carsten},
  title        = {The {O}rg Mode 7 Reference Manual - {O}rganize Your
                  Life with {GNU} {E}macs},
  publisher    = {Network Theory Ltd.},
  year         = 2010
}
